@article{paine1966food,
  title={Food web complexity and species diversity},
  author={Paine, Robert T},
  journal={The American Naturalist},
  volume={100},
  number={910},
  pages={65--75},
  year={1966},
  publisher={Science Press}
}

@article{garlaschelli2003universal,
  title={Universal scaling relations in food webs},
  author={Garlaschelli, Diego and Caldarelli, Guido and Pietronero, Luciano},
  journal={Nature},
  volume={423},
  number={6936},
  pages={165--168},
  year={2003},
  publisher={Nature Publishing Group}
}

@article{griffiths1980foraging,
  title={Foraging costs and relative prey size},
  author={Griffiths, David},
  journal={The American Naturalist},
  volume={116},
  number={5},
  pages={743--752},
  year={1980},
  publisher={University of Chicago Press}
}

@article{wootton2021towards,
  title={Towards a modular theory of trophic interactions},
  author={Wootton, Kate L and Curtsdotter, Alva and Roslin, Tomas and Bommarco, Riccardo and Jonsson, Tomas},
  journal={Functional Ecology},
  year={2021},
  publisher={Wiley Online Library}
}

@article{portalier2019mechanics,
  title={The mechanics of predator--prey interactions: First principles of physics predict predator--prey size ratios},
  author={Portalier, S{\'e}bastien MJ and Fussmann, Gregor F and Loreau, Michel and Cherif, Mehdi},
  journal={Functional ecology},
  volume={33},
  number={2},
  pages={323--334},
  year={2019},
  publisher={Wiley Online Library}
}

@inproceedings{odhiambo1958some,
  title={Some observations on the natural history of Acanthaspis petax St{\aa}l (Hemiptera: Reduviidae) living in termite mounds in Uganda},
  author={Odhiambo, Thomas R},
  booktitle={Proceedings of the Royal Entomological Society of London. Series A, General Entomology},
  volume={33},
  number={10-12},
  pages={167--175},
  year={1958},
  organization={Wiley Online Library}
}

@article{jackson2007bugs,
  title={Bugs with backpacks deter vision-guided predation by jumping spiders},
  author={Jackson, RR and Pollard, SD},
  journal={Journal of Zoology},
  volume={273},
  number={4},
  pages={358--363},
  year={2007},
  publisher={Wiley Online Library}
}

@article{ruxton2015evolutionary,
  title={The evolutionary ecology of decorating behaviour},
  author={Ruxton, Graeme D and Stevens, Martin},
  journal={Biology Letters},
  volume={11},
  number={6},
  pages={20150325},
  year={2015},
  publisher={The Royal Society}
}

@article{brandt2002bugs,
  title={Bugs with a backpack: the function of nymphal camouflage in the West African assassin bugs Paredocla andAcanthaspis spp.},
  author={Brandt, Miriam and Mahsberg, Dieter},
  journal={Animal Behaviour},
  volume={63},
  number={2},
  pages={277--284},
  year={2002},
  publisher={Elsevier}
}

@article{tschinkel2013morphometry,
  title={The morphometry of Solenopsis fire ants},
  author={Tschinkel, Walter R},
  journal={PloS one},
  volume={8},
  number={11},
  pages={e79559},
  year={2013},
  publisher={Public Library of Science San Francisco, USA}
}

@article{abramoff2004image,
  title={Image processing with ImageJ},
  author={Abr{\`a}moff, Michael D and Magalh{\~a}es, Paulo J and Ram, Sunanda J},
  journal={Biophotonics international},
  volume={11},
  number={7},
  pages={36--42},
  year={2004},
  publisher={Laurin Publishing}
}

@article{donev2004improving,
  title={Improving the density of jammed disordered packings using ellipsoids},
  author={Donev, Aleksandar and Cisse, Ibrahim and Sachs, David and Variano, Evan A and Stillinger, Frank H and Connelly, Robert and Torquato, Salvatore and Chaikin, Paul M},
  journal={Science},
  volume={303},
  number={5660},
  pages={990--993},
  year={2004},
  publisher={American Association for the Advancement of Science}
}

@article{victor2022trophic,
  title={Trophic allometry in a predator that carries corpses of its prey},
  author={Victor, Nicole Riatto and Costa-Pereira, Raul},
  journal={Biotropica},
  year={2022},
  publisher={Wiley Online Library}
}

@article{petchey2008size,
  title={Size, foraging, and food web structure},
  author={Petchey, Owen L and Beckerman, Andrew P and Riede, Jens O and Warren, Philip H},
  journal={Proceedings of the National Academy of Sciences},
  volume={105},
  number={11},
  pages={4191--4196},
  year={2008},
  publisher={National Acad Sciences}
}

@article{emerson1994allometric,
  title={Allometric aspects of predator-prey interactions},
  author={Emerson, Sharon B and Greene, Harry W and Charnov, Eric L},
  journal={Ecological morphology: integrative organismal biology},
  pages={123--139},
  year={1994},
  publisher={University of Chicago Press Chicago}
}

@article{west1997general,
  title={A general model for the origin of allometric scaling laws in biology},
  author={West, Geoffrey B and Brown, James H and Enquist, Brian J},
  journal={Science},
  volume={276},
  number={5309},
  pages={122--126},
  year={1997},
  publisher={American Association for the Advancement of Science}
}

@article{charnov1976optimal,
  title={Optimal foraging, the marginal value theorem},
  author={Charnov, Eric L},
  journal={Theoretical population biology},
  volume={9},
  number={2},
  pages={129--136},
  year={1976},
  publisher={Elsevier}
}

@Manual{rstudio,
  title = {RStudio: Integrated Development Environment for R},
  author = {{RStudio Team}},
  organization = {RStudio, Inc.},
  address = {Boston, MA},
  year = {2022},
  url = {http://www.rstudio.com/}
}